<record xmlns="http://www.loc.gov/MARC21/slim" xmlns:xsi="http://www.w3.org/2001/XMLSchema-instance" xsi:schemaLocation="http://www.loc.gov/MARC21/slim http://www.loc.gov/standards/marcxml/schema/MARC21slim.xsd"><leader>00736cz   2200205n  4500</leader><controlfield tag="001">oca00340774 </controlfield><controlfield tag="005">19991027102201.0</controlfield><controlfield tag="008">800617n| acannaab           |a aaa      </controlfield><datafield ind1=" " ind2=" " tag="010"><subfield code="a">n  79108865 </subfield></datafield><datafield ind1=" " ind2=" " tag="040"><subfield code="a">DLC</subfield><subfield code="c">DLC</subfield><subfield code="d">DLC</subfield><subfield code="d">OO</subfield><subfield code="d">DLC</subfield></datafield><datafield ind1="1" ind2=" " tag="100"><subfield code="a">Statius, P. Papinius</subfield><subfield code="q">(Publius Papinius)</subfield></datafield><datafield ind1="1" ind2=" " tag="400"><subfield code="a">Statius, Publius Papinius</subfield><subfield code="w">nna</subfield></datafield><datafield ind1="1" ind2=" " tag="400"><subfield code="a">Estacio</subfield></datafield><datafield ind1="1" ind2=" " tag="400"><subfield code="a">Stace</subfield></datafield><datafield ind1="1" ind2=" " tag="400"><subfield code="a">Statius, Papinius</subfield></datafield><datafield ind1=" " ind2=" " tag="667"><subfield code="a">Substitute</subfield></datafield><datafield ind1=" " ind2=" " tag="670"><subfield code="a">Klecka, J. Concordantia in Publium Papinium Statium, 1983:</subfield><subfield code="b">t.p. (Publium Papinium Statium)</subfield></datafield><datafield ind1=" " ind2=" " tag="670"><subfield code="a">Beltran Noguer, M.T. En torno a la Aquileida de Estacio, 1980:</subfield><subfield code="b">t.p. (Estacio)</subfield></datafield><datafield ind1=" " ind2=" " tag="670"><subfield code="a">His Thebaïde, 1990- :</subfield><subfield code="b">v. 1, t.p. (Stace)</subfield></datafield><datafield ind1=" " ind2=" " tag="670"><subfield code="a">Ode to sleep, 1923:</subfield><subfield code="b">t.p. (Papinius Statius)</subfield></datafield></record>